@comment{x-kbibtex-personnameformatting=<%l><, %f>}

@misc{wiskundigredeneren,
	author = "Igodt, Paul G.",
	pages = "129",
	school = "KU Leuven",
	title = "{Wiskundig Redeneren}",
	year = "2008"
}

@misc{inleidingtotdehogerewiskunde,
	author = "Malfait, Wim",
	pages = "399",
	school = "KU Leuven",
	title = "{Inleiding tot de Hogere Wiskunde}",
	year = "2008"
}

@misc{automatenenberekenbaarheid,
	author = "Demoen, Bart",
	month = oct,
	publisher = "KU Leuven",
	title = "{Automaten en Berekenbaarheid}",
	year = "2013"
}

@misc{fundamentenvoordeinformatica,
	author = "Demoen, Bart and Dekimpe, Karel",
	publisher = "KU Leuven",
	title = "{Fundamenten voor de Informatica}",
	year = "2007"
}

@article{journals/tplp/Demoen08,
	abstract = "dblp",
	added-at = "2008-06-12T00:00:00.000+0200",
	author = "Demoen, Bart",
	biburl = "http://www.bibsonomy.org/bibtex/2353e031c0858eefe9c87ebedd2728cf7/dblp",
	date = "2008-06-12",
	ee = "http://dx.doi.org/10.1017/S1471068408003268",
	interhash = "20f11212147e9293dd91ae9b5bfcb34a",
	intrahash = "353e031c0858eefe9c87ebedd2728cf7",
	journal = "TPLP",
	keywords = "dblp",
	number = 2,
	pages = "235--242",
	title = "{Learn Prolog Now! Patrick Blackburn, Johan Bos, Kristina Striegnitz: College Publications, 2006 Paperback, ISBN 1-904987-17-6, xiv + 265 pages.}",
	url = "http://dblp.uni-trier.de/db/journals/tplp/tplp8.html#Demoen08",
	volume = 8,
	x-fetchedfrom = "Bibsonomy",
	year = 2008
}

@article{Demoen:2008:BRL:1348834.1348839,
	acmid = "1348839",
	address = "New York, NY, USA",
	author = "Demoen, Bart",
	doi = "10.1017/S1471068408003268",
	issn = "1471-0684",
	issue_date = "March 2008",
	journal = "Theory Pract. Log. Program.",
	month = mar,
	number = "2",
	numpages = "8",
	pages = "235--242",
	publisher = "Cambridge University Press",
	title = "{Book review: learn prolog now! blackburnpatrick, bosjohan, kristina striegnitz college publications, 2006 paperback: Isbn 1-904987-17-6}",
	url = "http://dx.doi.org/10.1017/S1471068408003268",
	volume = "8",
	x-fetchedfrom = "ACM Digital Library",
	year = "2008"
}

@book{books/daglib/0080784,
	added-at = "2011-04-08T00:00:00.000+0200",
	author = "Spivey, J. Michael",
	biburl = "http://www.bibsonomy.org/bibtex/2e6f9ca27db5350c8961e15636a728fd2/dblp",
	interhash = "3cb48e85b8b07b1955481f2763995478",
	intrahash = "e6f9ca27db5350c8961e15636a728fd2",
	isbn = "978-0-13-536047-7",
	keywords = "dblp",
	pages = "I--X, 1--251",
	publisher = "Prentice Hall",
	series = "{Prentice Hall International series in computer science}",
	title = "{An introduction to logic programming through Prolog.}",
	x-fetchedfrom = "Bibsonomy",
	year = 1996
}

@inproceedings{conf/iclp/Jacquet91,
	abstract = "dblp",
	added-at = "2002-01-03T00:00:00.000+0100",
	author = "Jacquet, Jean-Marie",
	biburl = "http://www.bibsonomy.org/bibtex/21d84c553e00d215df6edcbafea2256d1/dblp",
	booktitle = "{ICLP Workshop on Construction of Logic Programs}",
	date = "2002-01-03",
	interhash = "52ab78058b7337960fe69557d89efaf9",
	intrahash = "1d84c553e00d215df6edcbafea2256d1",
	keywords = "dblp",
	pages = "3--36",
	title = "{Introduction to Logic Programming.}",
	url = "http://dblp.uni-trier.de/db/conf/iclp/iclp91-w1.html#Jacquet91",
	x-fetchedfrom = "Bibsonomy",
	year = 1991
}

@article{Lifschitz04,
	added-at = "2011-05-04T16:04:17.000+0200",
	author = "Lifschitz, Vladimir",
	biburl = "http://www.bibsonomy.org/bibtex/2e6e3c0cf51936c1e7900ae0ca4966106/baisemain",
	citeulike-article-id = "5227876",
	interhash = "fca2c6901cef599d29fc172b0ec66c37",
	intrahash = "e6e3c0cf51936c1e7900ae0ca4966106",
	journal = "Unpublished draft",
	keywords = "answer-set-programming; hamiltonian-circuit; logic-programming; lparse; smodels",
	posted-at = "2009-07-22 13:01:35",
	priority = "2",
	title = "{Introduction to answer set programming}",
	x-fetchedfrom = "Bibsonomy",
	year = 2004
}

