@comment{x-kbibtex-personnameformatting=<%l><, %f>}

@misc{zdf20011028,
	address = "Berlin",
	author = "Eekman, Piet",
	institution = "Z.D.F.",
	month = nov,
	publisher = "Z.D.F.",
	title = "{Die Spur der Kinderschander (28 januari 2001)}",
	year = "2001"
}

@book{xdossiers,
	author = "Bult{\'e}, Annemie and Coninck, Douglas De and Heeswyck, Marie-Jeanne Van",
	isbn = "90 5240 536 0",
	publisher = "Houtekiet/Fontein",
	title = "{De X-dossiers: Wat Belgi{\"e} niet mocht weten over de zaak Dutroux.}",
	year = "1999"
}

@misc{opsporing19821001,
	author = "BRT, Belgische Radio en Televisieomroep",
	month = oct,
	publisher = "Belgische Radio en Televisieomroep (BRT)",
	title = "{Opsporingsbericht 1 oktober 1982}",
	year = "1982"
}

@misc{panoramabvn95,
	author = "BRT, Belgische Radio en Televisieomroep and Barrez, Dirk and Verbruggen, Tony and others",
	month = nov,
	publisher = "Belgische Radio en Televisieomroep (BRT)",
	title = "{Panorama: Bende van Nijvel}",
	year = "1995"
}

@misc{vtmlaat19980411,
	author = "VTM, Vlaamse Televisie Maatschappij and Putter, Ingrid De and others",
	month = apr,
	publisher = "Vlaamse Televisie Maatschappij",
	title = "{VTM Nieuws Laat (11 april 1998)}",
	year = "1998"
}

@misc{terzakegetuigenovervaldelhaizeoverijse,
	title = "{Terzake}"
}

@misc{dezaakdejachtopdeccc,
	author = "VRT, Vlaamse Radio en Televisieomroep and others",
	title = "{De Zaak: De jacht op de CCC}"
}

@misc{timewatchoperationgladiothepuppeteers,
	author = "BBC, British Broadcast Company and Rowe, John and Cipriani, Antonio and Cipriani, Gianni and Tompkins, Peter and Kelly, John and Gables, Gerry and others",
	month = jun,
	publisher = "British Broadcast Company (BBC)",
	title = "{Timewatch: Operation Gladio: The Puppeteers}",
	year = "1992"
}

@misc{timewatchoperationgladiothefootsoldier,
	author = "BBC, British Broadcast Company and Rowe, John and Gijsels, Hugo and Tompkins, Peter and Meerbeck, Phillippe Van and others",
	month = jun,
	publisher = "British Broadcast Company (BBC)",
	title = "{Timewatch: Operation Gladio: The Foot Soldier}",
	year = "1992"
}

@misc{timewatchoperationgladiotheringmasters,
	author = "BBC, British Broadcast Company and Rowe, John and Gijsels, Hugo and Cipriani, Antonio and Cipriani, Gianni and Tompkins, Peter and Kelly, John and Meerbeck, Phillippe Van and Gables, Gerry and Shillinglaw, Kim and others",
	month = jun,
	publisher = "British Broadcast Company (BBC)",
	title = "{Timewatch: Operation Gladio: The Ring Masters}",
	year = "1992"
}

@misc{bendehaemersdejeugdjaren,
	author = "Boeckx, Peter and Bongers, Annick and Lerouge, Charlotte and Delva, Gijs and Vanhove, Michel",
	series = "{De Bende Haemers}",
	title = "{De Bende Haemers: De Jeugdjaren}",
	year = "2013"
}

@misc{bendehaemersdeeerstedoden,
	author = "Boeckx, Peter and Bongers, Annick and Lerouge, Charlotte and Delva, Gijs and Vanhove, Michel",
	series = "{De Bende Haemers}",
	title = "{De Bende Haemers: De Eerste Doden}",
	year = "2013"
}

@misc{bendehaemersdeontsnapping,
	author = "Boeckx, Peter and Bongers, Annick and Lerouge, Charlotte and Delva, Gijs and Vanhove, Michel",
	series = "{De Bende Haemers}",
	title = "{De Bende Haemers: De Ontsnapping}",
	year = "2013"
}

@misc{hetjournaalbendeopgravingenleverennietsop,
	author = "VRT, Vlaamse Radio en Televisieomroep and Devilder, Wim and others",
	publisher = "Vlaamse Radio en Televisieomroep",
	series = "{Het Journaal}",
	title = "{Het Journaal 7: Bende-opgravingen leveren niets op}"
}

@misc{hetjournaal21huiszoekingennaarbendevannijvel,
	author = "VRT, Vlaamse Radio en Televisieomroep and Wachters, Goedele and others",
	publisher = "Vlaamse Radio en Televisieomroep",
	series = "{Het Journaal}",
	title = "{Het Journaal 7: 21 huiszoekingen naar Bende van Nijvel}"
}

@article{standaard20140220hofkens,
	author = "Mtm",
	journal = "De Standaard",
	month = feb,
	number = "51",
	title = "{Kurt Hofkens krijgt 27 jaar voor doodslag ex-vriendin}",
	year = "2014"
}

