@Book{ pellerin1997vhdl,
	title = "{VHDL made easy!}",
	author = "D. Pellerin and D. Taylor",
	year = "1997",
	publisher = "Prentice Hall"
}

@Book{ hyde2004write,
	title = "{Write Great Code: Understanding the Machine}",
	author = "R. Hyde",
	isbn = "1593270038",
	year = "2004",
	publisher = "No Starch Pr"
}

@Book{ brown2004fundamentals,
	title = "{Fundamentals of Digital Logic with VHDL Design with CD-ROM}",
	author = "S. Brown and Z. Vranesic",
	isbn = "0072499389",
	year = "2004",
	publisher = "McGraw-Hill, Inc. New York, NY, USA"
}

@Book{ gajski1997principles,
	title = "{Principles of digital design}",
	author = "D.D. Gajski and J. Kleinsmith",
	volume = "42",
	year = "1997",
	publisher = "Prentice Hall"
}

@Book{ wakerly2000digital,
	title = "{Digital design: principles and practices}",
	author = "J.F. Wakerly",
	isbn = "0130555207",
	year = "2000",
	publisher = "Prentice-Hall, Inc. Upper Saddle River, NJ, USA"
}

@Book{ ashenden2008designer,
	title = "{The designer's guide to VHDL}",
	author = "P.J. Ashenden",
	isbn = "0120887851",
	year = "2008",
	publisher = "Morgan Kaufmann"
}

@Manual{ xilinxFpgaDs099,
	title = "Xilinx DS099 Spartan-3 FPGA Family data sheet",
	month = jun,
	year = "2008",
	organization = Xilinx
}

@Book{ socs02,
	title = "{Structuur en organisatie van computersystemen - 2 Computerapparatuur}",
	author = "B. De Decker",
	publisher = "Acco",
	year = "2007",
	isbn = "9789033467431"
}

@Book{ socs04,
	title = "{Structuur en organisatie van computersystemen - 4 Netwerken en getallen}",
	author = "B. De Decker and P. Verbaeten",
	publisher = "Acco",
	year = "2007",
	isbn = "9789033468087"
}

@Book{ aenb10,
	title = "{Automaten en Berekenbaarheid}",
	author = "B. Demoen",
	year = "2010"
}

@Book{ fundamentenvdi05,
	title = "{Fundamenten voor de Informatica}",
	author = "K. Dekimpe and B. Demoen",
	year = "2005"
}

@Manual{ hardi00,
	title = "VHDL handbook",
	organization = "HARDI Electronics AB",
	year = "2000"
}

@Book{ serway2007physics,
	title = "Physics for scientists and engineers with modern physics",
	author = "R.A. Serway and J.W. Jewett",
	volume = "2",
	year = "2007",
	publisher = "Brooks/Cole Pub Co"
}

@Article{ 30711,
	title = "IEEE Standard for Binary Floating-Point Arithmetic",
	author = "",
	journal = "ANSI/IEEE Std 754-1985",
	pages = "0\_1",
	volume = "",
	number = "",
	month = " ",
	year = "1985",
	issn = "",
	keywords = "binary floating point arithmetic, digital arithmetic, Floating-Point Working Group, IEEE Computer Society, IEEE standard, Microprocessor Standards Subcommittee, standards, Standards Committee",
	doi = "10.1109/IEEESTD.1985.82928"
}

@Article{ 5976968,
	title = "IEEE Standard for Floating-Point Arithmetic - Redline",
	author = "",
	journal = "IEEE Std 754-2008 (Revision of IEEE Std 754-1985) - Redline",
	pages = "1--82",
	volume = "",
	number = "",
	month = "29",
	year = "2008",
	issn = "",
	doi = "10.1109/IEEESTD.2008.5976968"
}

@Book{ floyd2000digital,
	title = "Digital fundamentals",
	author = "T.L. Floyd and Q. Yu",
	year = "2000",
	publisher = "Prentice Hall"
}

@Book{ Kohavi70,
	author = "Zvi Kohavi",
	title = "Switching and Finite Automata Theory",
	publisher = "McGraw-Hill",
	year = "1970"
}

@Book{ Toc95,
	author = "Ronald J. Tocci",
	publisher = "Prentice Hall",
	title = "Digital systems: principles and applications",
	year = "1995",
	crindex = "Biblioth{\`e}que ENS Lyon"
}
@Book{ Adams81BOOK54,
	title = "The Hitchhiker's Guide to the Galaxy",
	author = "D. Adams",
	publisher = "POCKET BOOKS",
	address = "New York",
	year = "1981",
	ref = "BOOK54"
}
@book { Kohler,
	title = "{Kurt K\"ohler - Verzamelde Proza}",
	author="Matthijs de Ridder and Lisbeth Vantorre",
	publisher = "Academic \& Scientific Publishers",
	year="2012",
	isbn="9789054879510",
}