@comment{x-kbibtex-personnameformatting=<%l><, %f>}

@inproceedings{conf/europar/MatsuzakiHT03,
	added-at = "2011-07-05T00:00:00.000+0200",
	author = "Matsuzaki, Kiminori and Hu, Zhenjiang and Takeichi, Masato",
	booktitle = "{Euro-Par}",
	crossref = "conf/europar/2003",
	editor = "Kosch, Harald and B{\"o}sz{\"o}rm{\'e}nyi, L{\'a}szl{\'o} and Hellwagner, Hermann",
	interhash = "e155cd34ba5872f0d211cf2468f2cce5",
	intrahash = "e3a1d72a4e2ff80f1fdd2a1db29c00ba",
	isbn = "3-540-40788-X",
	keywords = "dblp",
	pages = "789--798",
	publisher = "Springer",
	series = "{Lecture Notes in Computer Science}",
	title = "{Parallelization with Tree Skeletons.}",
	url = "http://dblp.uni-trier.de/db/conf/europar/europar2003.html#MatsuzakiHT03; http://dx.doi.org/10.1007/978-3-540-45209-6_108; http://www.bibsonomy.org/bibtex/2e3a1d72a4e2ff80f1fdd2a1db29c00ba/dblp",
	volume = 2790,
	x-fetchedfrom = "Bibsonomy",
	year = 2003
}

@inproceedings{conf/fedcsis/Telnarova12,
	added-at = "2012-10-25T00:00:00.000+0200",
	author = "Telnarova, Zdenka",
	booktitle = "{FedCSIS}",
	crossref = "conf/fedcsis/2012",
	editor = "Ganzha, Maria and Maciaszek, Leszek A. and Paprzycki, Marcin",
	interhash = "9543b6d9588f8b83bff1fcdad3af421d",
	intrahash = "4696667e188740885a0e336a07d77abe",
	isbn = "978-83-60810-51-4",
	keywords = "dblp",
	pages = "155--159",
	title = "{Adding rules into database systems.}",
	url = "http://dblp.uni-trier.de/db/conf/fedcsis/fedcsis2012.html#Telnarova12; http://fedcsis.org/proceedings/fedcsis2012/pliks/22.pdf; http://www.bibsonomy.org/bibtex/24696667e188740885a0e336a07d77abe/dblp",
	x-fetchedfrom = "Bibsonomy",
	year = 2012
}

@book{Alba05,
	abstract = "This single reference on parallel metaheuristic presents modern and ongoing research information on using, designing, and analysing efficient models of parallel algorithms. Table of Contents Author Information Introduction. PART I: INTRODUCTION TO METAHEURISTICS AND PARALLELISM. 1. An Introduction to Metaheuristic Techniques. 2. Measuring the Performance of Parallel Metaheuristics. 3. New Technologies in Parallelism. 4. Metaheuristics and Parallelism. PART II: PARALLEL METAHEURISTIC MODELS. 5. Parallel Genetic Algorithms. 6. Spatially Structured Genetic Programming. 7. Parallel Evolution Strategies. 8. Parallel Ant Colony Algorithms. 9. Parallel Estimation of Distribution Algorithms. 10. Parallel Scatter Search. 11. Parallel Variable Neighbourhood Search. 12. Parallel Simulated Annealing. 13. Parallel Tabu Search. 14. Parallel GRASP. 15. Parallel Hybrid Metaheuristics. 16. Parallel Multi Objective. 17. Parallel Heterogeneous Metaheuristics. PART III: THEORY AND APPLICATIONS. 18. Theory of Parallel Genetic Algorithms. 19. Parallel Metaheuristics. 20. Parallel Metaheuristics in Telecommunications. 21. Bioinformatics and Parallel Metaheuristics. Index.",
	added-at = "2008-06-19T17:35:00.000+0200",
	address = "NJ, USA",
	author = "Alba, Enrique",
	biburl = "http://www.bibsonomy.org/bibtex/2499f9a511ff28e6ccf55017ddc2d080a/brazovayeye",
	interhash = "7c62399891715c3cc19dab863293fa89",
	intrahash = "499f9a511ff28e6ccf55017ddc2d080a",
	isbn = "0-471-67806-6",
	keywords = "algorithms; book; computer engineering general genetic programming; text",
	month = "August",
	notes = "US 95.",
	publisher = "John Wiley \& Sons",
	size = "00584 pages",
	title = "{Parallel Metaheuristics: {A} New Class of Algorithms}",
	url = "http://www.ebookmall.com/ebooks/parallel-metaheuristics-a-new-class-of-algorithms-alba-ebooks.htm",
	x-fetchedfrom = "Bibsonomy",
	year = 2005
}

@book{Oppliger:2011:CC:2049860,
	address = "Norwood, MA, USA",
	author = "Oppliger, Rolf",
	edition = "2nd",
	isbn = "1608071456, 9781608071456",
	publisher = "Artech House, Inc.",
	title = "{Contemporary Cryptography}",
	year = "2011"
}

@book{mogensen2009basics,
	author = "Mogensen, T.{\AE}.",
	isbn = "9788799315406",
	publisher = "Torben {\AE}gidius Mogensen",
	title = "{Basics of Compiler Design}",
	url = "http://books.google.be/books?id=N5EWtwAACAAJ",
	year = "2009"
}

@book{arora2009computational,
	abstract = "This beginning graduate textbook describes both recent achievements and classical results of computational complexity theory. The book starts with a broad introduction to the field and progresses to advanced results.",
	added-at = "2012-09-14T15:59:37.000+0200",
	address = "Cambridge; New York",
	author = "Arora, Sanjeev and Barak, Boaz",
	interhash = "319c3bf950c43ab4dc996ebd4451804d",
	intrahash = "926305c07c6e440008f3eab418cd13ec",
	isbn = "9780521424264 0521424267",
	keywords = "vzxv",
	publisher = "Cambridge University Press",
	refid = "286431654",
	title = "{Computational complexity : a modern approach}",
	url = "http://www.worldcat.org/search?qt=worldcat_org_all&q=9780521424264; http://www.bibsonomy.org/bibtex/2926305c07c6e440008f3eab418cd13ec/alexanderhayes",
	x-fetchedfrom = "Bibsonomy",
	year = 2009
}

@book{Barber2011,
	abstract = "David Barber : Main - Textbook browse",
	added-at = "2011-07-11T13:15:49.000+0200",
	author = "Barber, David",
	interhash = "ad2654b2f528b6b57894570a9ab8069a",
	intrahash = "13982c57aaade352d8089b91f5815c56",
	keywords = "bayesian machinelearning statisticalinference statistics textbook",
	note = "In press",
	publisher = "{Cambridge University Press}",
	title = "{Bayesian Reasoning and Machine Learning}",
	url = "http://www.bibsonomy.org/bibtex/213982c57aaade352d8089b91f5815c56/tmalsburg",
	x-fetchedfrom = "Bibsonomy",
	year = 2011
}

@article{journals/procedia/KosmadoudiLRSLSS12,
	added-at = "2012-12-28T00:00:00.000+0100",
	author = "Kosmadoudi, Zoe and Lim, Theodore and Ritchie, James M. and Sung, Raymond C. W. and Liu, Y. and Stanescu, I. A. and Stefan, A.",
	interhash = "c1956513b966292e9498825e2f23602b",
	intrahash = "eaeb8e0a066d5c250d40866f10779034",
	journal = "Procedia CS",
	keywords = "dblp",
	pages = "285--288",
	title = "{Game Interactivity in CAD as Productive Systems.}",
	url = "http://dblp.uni-trier.de/db/journals/procedia/procedia15.html#KosmadoudiLRSLSS12; http://dx.doi.org/10.1016/j.procs.2012.10.081; http://www.bibsonomy.org/bibtex/2eaeb8e0a066d5c250d40866f10779034/dblp",
	volume = 15,
	x-fetchedfrom = "Bibsonomy",
	year = 2012
}

