@comment{x-kbibtex-personnameformatting=<%l><, %f>}

@inproceedings{conf/europar/MatsuzakiHT03,
	added-at = "2011-07-05T00:00:00.000+0200",
	author = "Matsuzaki, Kiminori and Hu, Zhenjiang and Takeichi, Masato",
	booktitle = "{Euro-Par}",
	crossref = "conf/europar/2003",
	editor = "Kosch, Harald and B{\"o}sz{\"o}rm{\'e}nyi, L{\'a}szl{\'o} and Hellwagner, Hermann",
	interhash = "e155cd34ba5872f0d211cf2468f2cce5",
	intrahash = "e3a1d72a4e2ff80f1fdd2a1db29c00ba",
	isbn = "3-540-40788-X",
	keywords = "dblp",
	pages = "789--798",
	publisher = "Springer",
	series = "{Lecture Notes in Computer Science}",
	title = "{Parallelization with Tree Skeletons.}",
	url = "http://dblp.uni-trier.de/db/conf/europar/europar2003.html#MatsuzakiHT03; http://dx.doi.org/10.1007/978-3-540-45209-6_108; http://www.bibsonomy.org/bibtex/2e3a1d72a4e2ff80f1fdd2a1db29c00ba/dblp",
	volume = 2790,
	x-fetchedfrom = "Bibsonomy",
	year = 2003
}

@inproceedings{conf/fedcsis/Telnarova12,
	added-at = "2012-10-25T00:00:00.000+0200",
	author = "Telnarova, Zdenka",
	booktitle = "{FedCSIS}",
	crossref = "conf/fedcsis/2012",
	editor = "Ganzha, Maria and Maciaszek, Leszek A. and Paprzycki, Marcin",
	interhash = "9543b6d9588f8b83bff1fcdad3af421d",
	intrahash = "4696667e188740885a0e336a07d77abe",
	isbn = "978-83-60810-51-4",
	keywords = "dblp",
	pages = "155--159",
	title = "{Adding rules into database systems.}",
	url = "http://dblp.uni-trier.de/db/conf/fedcsis/fedcsis2012.html#Telnarova12; http://fedcsis.org/proceedings/fedcsis2012/pliks/22.pdf; http://www.bibsonomy.org/bibtex/24696667e188740885a0e336a07d77abe/dblp",
	x-fetchedfrom = "Bibsonomy",
	year = 2012
}

@inproceedings{conf/fedcsis/FrajtakBJ12,
	added-at = "2012-10-25T00:00:00.000+0200",
	author = "Frajt{\'a}k, Karel and Bures, Miroslav and Jel{\'i}nek, Ivan",
	booktitle = "{FedCSIS}",
	crossref = "conf/fedcsis/2012",
	editor = "Ganzha, Maria and Maciaszek, Leszek A. and Paprzycki, Marcin",
	interhash = "9d4a643260f14a1199b7130f63c73b76",
	intrahash = "1a6abd829d0944dbbd4524699f8ed80a",
	isbn = "978-83-60810-51-4",
	keywords = "dblp",
	pages = "1311--1314",
	title = "{Formal specification to support advanced model based testing.}",
	url = "http://dblp.uni-trier.de/db/conf/fedcsis/fedcsis2012.html#FrajtakBJ12; http://fedcsis.org/proceedings/fedcsis2012/pliks/90.pdf; http://www.bibsonomy.org/bibtex/21a6abd829d0944dbbd4524699f8ed80a/dblp",
	x-fetchedfrom = "Bibsonomy",
	year = 2012
}

@inproceedings{conf/fedcsis/GiurcaSB12,
	added-at = "2012-10-25T00:00:00.000+0200",
	author = "Giurca, Adrian and Schmitt, Ingo and Baier, Daniel",
	booktitle = "{FedCSIS}",
	crossref = "conf/fedcsis/2012",
	editor = "Ganzha, Maria and Maciaszek, Leszek A. and Paprzycki, Marcin",
	interhash = "ee76bb78488c39a178b5058d1dd7ee29",
	intrahash = "f67b8c65c9c0daa9144f2a0cc7782312",
	isbn = "978-83-60810-51-4",
	keywords = "dblp",
	pages = "1127--1133",
	title = "{Adaptive Conjoint Analysis. Training Data: Knowledge or Beliefs?.}",
	url = "http://dblp.uni-trier.de/db/conf/fedcsis/fedcsis2012.html#GiurcaSB12; http://fedcsis.org/proceedings/fedcsis2012/pliks/32.pdf; http://www.bibsonomy.org/bibtex/2f67b8c65c9c0daa9144f2a0cc7782312/dblp",
	x-fetchedfrom = "Bibsonomy",
	year = 2012
}

@inproceedings{conf/fedcsis/Kulikowski12,
	added-at = "2012-10-25T00:00:00.000+0200",
	author = "Kulikowski, Juliusz L.",
	booktitle = "{FedCSIS}",
	crossref = "conf/fedcsis/2012",
	editor = "Ganzha, Maria and Maciaszek, Leszek A. and Paprzycki, Marcin",
	interhash = "0f30e4052610eadebd9bc1a5f4f05d2f",
	intrahash = "5b8285f1d2b612deb3237c78e5ee9e09",
	isbn = "978-83-60810-51-4",
	keywords = "dblp",
	pages = "93--100",
	title = "{Artificial Reasoning in Relative Dilemmatic Logic.}",
	url = "http://dblp.uni-trier.de/db/conf/fedcsis/fedcsis2012.html#Kulikowski12; http://fedcsis.org/proceedings/fedcsis2012/pliks/81.pdf; http://www.bibsonomy.org/bibtex/25b8285f1d2b612deb3237c78e5ee9e09/dblp",
	x-fetchedfrom = "Bibsonomy",
	year = 2012
}

@inproceedings{conf/fedcsis/MalucelliCR12,
	added-at = "2012-10-25T00:00:00.000+0200",
	author = "Malucelli, Federico and Cremonesi, Paolo and Rostami, Borzou",
	booktitle = "{FedCSIS}",
	crossref = "conf/fedcsis/2012",
	editor = "Ganzha, Maria and Maciaszek, Leszek A. and Paprzycki, Marcin",
	interhash = "705bba637d028c036e4fa67ed77b713e",
	intrahash = "ccd194ff34df188cc194248687a2d6a5",
	isbn = "978-83-60810-51-4",
	keywords = "dblp",
	pages = "423--429",
	title = "{An Application of Bicriterion Shortest Paths to Collaborative Filtering.}",
	url = "http://dblp.uni-trier.de/db/conf/fedcsis/fedcsis2012.html#MalucelliCR12; http://fedcsis.org/proceedings/fedcsis2012/pliks/166.pdf; http://www.bibsonomy.org/bibtex/2ccd194ff34df188cc194248687a2d6a5/dblp",
	x-fetchedfrom = "Bibsonomy",
	year = 2012
}

@inproceedings{conf/fedcsis/Sobieska-KarpinskaH12,
	added-at = "2012-10-25T00:00:00.000+0200",
	author = "Sobieska-Karpinska, Jadwiga and Hernes, Marcin",
	booktitle = "{FedCSIS}",
	crossref = "conf/fedcsis/2012",
	editor = "Ganzha, Maria and Maciaszek, Leszek A. and Paprzycki, Marcin",
	interhash = "7ea687c6030bb3851ecd7666c32140c2",
	intrahash = "c1ca1a205952e323a08fcf6700a77b19",
	isbn = "978-83-60810-51-4",
	keywords = "dblp",
	pages = "1035--1040",
	title = "{Consensus determining algorithm in multiagent decision support system with taking into consideration improving agent's knowledge.}",
	url = "http://dblp.uni-trier.de/db/conf/fedcsis/fedcsis2012.html#Sobieska-KarpinskaH12; http://fedcsis.org/proceedings/fedcsis2012/pliks/167.pdf; http://www.bibsonomy.org/bibtex/2c1ca1a205952e323a08fcf6700a77b19/dblp",
	x-fetchedfrom = "Bibsonomy",
	year = 2012
}

@inproceedings{conf/fedcsis/KorpusikLM12,
	added-at = "2012-10-25T00:00:00.000+0200",
	author = "Korpusik, Michal and Lukaszewicz, Witold and Madalinska-Bugaj, Ewa",
	biburl = "http://www.bibsonomy.org/bibtex/213056b7a574c3d8bdabe5c9e698d47e1/dblp",
	booktitle = "{FedCSIS}",
	crossref = "conf/fedcsis/2012",
	editor = "Ganzha, Maria and Maciaszek, Leszek A. and Paprzycki, Marcin",
	ee = "http://fedcsis.org/proceedings/fedcsis2012/pliks/179.pdf",
	interhash = "3b56020e33bc178a81b7694a4e8f91d6",
	intrahash = "13056b7a574c3d8bdabe5c9e698d47e1",
	isbn = "978-83-60810-51-4",
	keywords = "dblp",
	pages = "81--87",
	title = "{Revising Structured Knowledge Bases.}",
	url = "http://dblp.uni-trier.de/db/conf/fedcsis/fedcsis2012.html#KorpusikLM12",
	x-fetchedfrom = "Bibsonomy",
	year = 2012
}

@inproceedings{conf/ijcai/Hentenryck87,
	added-at = "2012-05-15T00:00:00.000+0200",
	author = "Hentenryck, Pascal Van",
	booktitle = "{IJCAI}",
	crossref = "conf/ijcai/1987",
	editor = "McDermott, John P.",
	interhash = "4df24375dfc01850938ddfd75fc6e776",
	intrahash = "0052e54b64cfa5d5cbd1a08c10db29db",
	keywords = "dblp",
	pages = "2--8",
	publisher = "Morgan Kaufmann",
	title = "{A Theoretical Framework for Consistency Techniques in Logic Programming.}",
	url = "http://dblp.uni-trier.de/db/conf/ijcai/ijcai87.html#Hentenryck87; http://www.bibsonomy.org/bibtex/20052e54b64cfa5d5cbd1a08c10db29db/dblp",
	x-fetchedfrom = "Bibsonomy",
	year = 1987
}

@inproceedings{conf/ijcai/Winslett89,
	added-at = "2012-05-15T00:00:00.000+0200",
	author = "Winslett, Marianne",
	booktitle = "{IJCAI}",
	crossref = "conf/ijcai/1989",
	editor = "Sridharan, N. S.",
	interhash = "0ae6a8c7886a4315b80e33b39145ee9f",
	intrahash = "781449b181bdc34a6c4a73bb0c777a42",
	isbn = "1-55860-094-9",
	keywords = "dblp",
	pages = "859--863",
	publisher = "Morgan Kaufmann",
	title = "{Sometimes Updates Are Circumscription.}",
	url = "http://dblp.uni-trier.de/db/conf/ijcai/ijcai89.html#Winslett89; http://www.bibsonomy.org/bibtex/2781449b181bdc34a6c4a73bb0c777a42/dblp",
	x-fetchedfrom = "Bibsonomy",
	year = 1989
}

@inproceedings{conf/ijcai/Eshghi93,
	added-at = "2012-05-15T00:00:00.000+0200",
	author = "Eshghi, Kave",
	booktitle = "{IJCAI}",
	crossref = "conf/ijcai/1993",
	editor = "Bajcsy, Ruzena",
	interhash = "6f6aff64bf8784d47c9513fe0d5b6940",
	intrahash = "bede1b1cb535eaa3173aa1c6b0cf4ab6",
	isbn = "1-55860-300-X",
	keywords = "dblp",
	pages = "3--8",
	publisher = "Morgan Kaufmann",
	title = "{A Tractable Class of Abduction Problems.}",
	url = "http://dblp.uni-trier.de/db/conf/ijcai/ijcai93.html#Eshghi93; http://www.bibsonomy.org/bibtex/2bede1b1cb535eaa3173aa1c6b0cf4ab6/dblp",
	x-fetchedfrom = "Bibsonomy",
	year = 1993
}

@inproceedings{conf/ijcai/SrinivasanKMS97,
	added-at = "2012-05-15T00:00:00.000+0200",
	author = "Srinivasan, Ashwin and King, Ross D. and Muggleton, Stephen and Sternberg, Michael J. E.",
	booktitle = "{IJCAI (1)}",
	crossref = "conf/ijcai/1997",
	interhash = "a80668eb8da8a2a4e87bae8811252160",
	intrahash = "f476deea05b5ce7fc4c1067c8cefbd4d",
	keywords = "dblp",
	pages = "4--9",
	publisher = "Morgan Kaufmann",
	title = "{The Predictive Toxicology Evaluation Challenge.}",
	url = "http://dblp.uni-trier.de/db/conf/ijcai/ijcai97.html#SrinivasanKMS97; http://www.bibsonomy.org/bibtex/2f476deea05b5ce7fc4c1067c8cefbd4d/dblp",
	x-fetchedfrom = "Bibsonomy",
	year = 1997
}

@inproceedings{conf/ijcai/Fuchs99,
	added-at = "2002-01-03T00:00:00.000+0100",
	author = "Fuchs, Marc",
	booktitle = "{IJCAI}",
	crossref = "conf/ijcai/99",
	editor = "Dean, Thomas",
	interhash = "d8b78d5deb326ce37f9b2db89db05bed",
	intrahash = "0b91a75dcb9c9f8a5bc1ee8724bd4ddc",
	isbn = "1-55860-613-0",
	keywords = "dblp",
	pages = "4--9",
	publisher = "Morgan Kaufmann",
	title = "{Lemma Generation for Model Elimination by Combining Top-Down and Bottom-Up Inference.}",
	url = "http://dblp.uni-trier.de/db/conf/ijcai/ijcai99.html#Fuchs99; http://www.bibsonomy.org/bibtex/20b91a75dcb9c9f8a5bc1ee8724bd4ddc/dblp",
	x-fetchedfrom = "Bibsonomy",
	year = 1999
}

@inproceedings{conf/ijcai/Tadepalli91,
	added-at = "2012-05-15T00:00:00.000+0200",
	author = "Tadepalli, Prasad",
	biburl = "http://www.bibsonomy.org/bibtex/29c1069a261ebd3025ddc04be55429197/dblp",
	booktitle = "{IJCAI}",
	crossref = "conf/ijcai/1991",
	editor = "Mylopoulos, John and Reiter, Raymond",
	interhash = "c89f881020cc008cef4d85c3265bbe11",
	intrahash = "9c1069a261ebd3025ddc04be55429197",
	isbn = "1-55860-160-0",
	keywords = "dblp",
	pages = "616--622",
	publisher = "Morgan Kaufmann",
	title = "{A Formalization of Explanation-Based Macro-operator Learning.}",
	url = "http://dblp.uni-trier.de/db/conf/ijcai/ijcai91.html#Tadepalli91",
	x-fetchedfrom = "Bibsonomy",
	year = 1991
}

@inproceedings{conf/ijcai/BravoB03,
	added-at = "2004-05-05T00:00:00.000+0200",
	author = "Bravo, Loreto and Bertossi, Leopoldo E.",
	booktitle = "{IJCAI}",
	crossref = "conf/ijcai/2003",
	editor = "Gottlob, Georg and Walsh, Toby",
	interhash = "65c84abc38455531e78a8f7382fa4ed3",
	intrahash = "c74e1d7bf36ce41d65f3507c643f90c9",
	keywords = "dblp",
	pages = "10--15",
	publisher = "Morgan Kaufmann",
	title = "{Logic Programs for Consistently Querying Data Integration Systems.}",
	url = "http://dblp.uni-trier.de/db/conf/ijcai/ijcai2003.html#BravoB03; http://www.bibsonomy.org/bibtex/2c74e1d7bf36ce41d65f3507c643f90c9/dblp",
	x-fetchedfrom = "Bibsonomy",
	year = 2003
}

@inproceedings{conf/ijcai/Boffey73,
	added-at = "2012-05-15T00:00:00.000+0200",
	author = "Boffey, T. B.",
	biburl = "http://www.bibsonomy.org/bibtex/270c0363a951693163475eaf0f3bfaccb/dblp",
	booktitle = "{IJCAI}",
	crossref = "conf/ijcai/1973",
	editor = "Nilsson, Nils J.",
	interhash = "e016f9bf4aa93d174f43f94e14fd7fce",
	intrahash = "70c0363a951693163475eaf0f3bfaccb",
	keywords = "dblp",
	pages = "18--22",
	publisher = "William Kaufmann",
	title = "{Some Theoretical Results Concerning Automated Game-Playing.}",
	url = "http://dblp.uni-trier.de/db/conf/ijcai/ijcai73.html#Boffey73",
	x-fetchedfrom = "Bibsonomy",
	year = 1973
}

@inproceedings{conf/ijcai/BrewkaK93,
	added-at = "2012-05-15T00:00:00.000+0200",
	author = "Brewka, Gerhard and Konolige, Kurt",
	booktitle = "{IJCAI}",
	crossref = "conf/ijcai/1993",
	editor = "Bajcsy, Ruzena",
	interhash = "8fe0c17618fba08ae2479292d5651de7",
	intrahash = "7c0f4fadaa373ae49d265601c379f3cc",
	isbn = "1-55860-300-X",
	keywords = "dblp",
	pages = "9--17",
	publisher = "Morgan Kaufmann",
	title = "{An Abductive Framework for General Logic Programs and other Nonmonotonic Systems.}",
	url = "http://dblp.uni-trier.de/db/conf/ijcai/ijcai93.html#BrewkaK93; http://www.bibsonomy.org/bibtex/27c0f4fadaa373ae49d265601c379f3cc/dblp",
	x-fetchedfrom = "Bibsonomy",
	year = 1993
}

@inproceedings{conf/ijcai/YamamuraK91,
	added-at = "2012-05-15T00:00:00.000+0200",
	author = "Yamamura, Masayuki and Kobayashi, Shigenobu",
	booktitle = "{IJCAI}",
	crossref = "conf/ijcai/1991",
	editor = "Mylopoulos, John and Reiter, Raymond",
	interhash = "00a0662a377958e1b446f6a9a6bcd815",
	intrahash = "64147018397fb5dbe5a0e2c6eddcc8e8",
	isbn = "1-55860-160-0",
	keywords = "dblp",
	pages = "623--629",
	publisher = "Morgan Kaufmann",
	title = "{An Augmented EBL and its Application to the Utility Problem.}",
	url = "http://dblp.uni-trier.de/db/conf/ijcai/ijcai91.html#YamamuraK91; http://www.bibsonomy.org/bibtex/264147018397fb5dbe5a0e2c6eddcc8e8/dblp",
	x-fetchedfrom = "Bibsonomy",
	year = 1991
}

@inproceedings{conf/ijcai/RaimanKS93,
	added-at = "2012-05-15T00:00:00.000+0200",
	author = "Raiman, Olivier and de Kleer, Johan and Saraswat, Vijay A.",
	booktitle = "{IJCAI}",
	crossref = "conf/ijcai/1993",
	editor = "Bajcsy, Ruzena",
	interhash = "5657043d70d3560c54400183ad46b9af",
	intrahash = "8f613d25b0ef04c0da524ece90ba8387",
	isbn = "1-55860-300-X",
	keywords = "dblp",
	pages = "18--23",
	publisher = "Morgan Kaufmann",
	title = "{Critical Reasoning.}",
	url = "http://dblp.uni-trier.de/db/conf/ijcai/ijcai93.html#RaimanKS93; http://www.bibsonomy.org/bibtex/28f613d25b0ef04c0da524ece90ba8387/dblp",
	x-fetchedfrom = "Bibsonomy",
	year = 1993
}

@inproceedings{conf/ijcai/Dung93,
	added-at = "2012-05-15T00:00:00.000+0200",
	author = "Dung, Phan Minh",
	booktitle = "{IJCAI}",
	crossref = "conf/ijcai/1993",
	editor = "Bajcsy, Ruzena",
	interhash = "2bec995bc87a87b95cabbfab82179b3c",
	intrahash = "d5470bb3a22a855c51082efb5962c8d3",
	isbn = "1-55860-300-X",
	keywords = "dblp",
	pages = "852--859",
	publisher = "Morgan Kaufmann",
	title = "{On the Acceptability of Arguments and its Fundamental Role in Nonmonotonic Reasoning and Logic Programming.}",
	url = "http://dblp.uni-trier.de/db/conf/ijcai/ijcai93.html#Dung93; http://www.bibsonomy.org/bibtex/2d5470bb3a22a855c51082efb5962c8d3/dblp",
	x-fetchedfrom = "Bibsonomy",
	year = 1993
}

@inproceedings{conf/ijcai/Coste-MarquisM99,
	added-at = "2002-01-03T00:00:00.000+0100",
	author = "Coste-Marquis, Sylvie and Marquis, Pierre",
	booktitle = "{IJCAI}",
	crossref = "conf/ijcai/99",
	editor = "Dean, Thomas",
	interhash = "a62e4c0f1dadd7632f4a1cdc7149d0df",
	intrahash = "1ee7fe8d77d40721f553f1b1bd46846c",
	isbn = "1-55860-613-0",
	keywords = "dblp",
	pages = "24--29",
	publisher = "Morgan Kaufmann",
	title = "{Complexity Results for Propositional Closed World Reasoning and Circumscription from Tractable Knowledge Bases.}",
	url = "http://dblp.uni-trier.de/db/conf/ijcai/ijcai99.html#Coste-MarquisM99; http://www.bibsonomy.org/bibtex/21ee7fe8d77d40721f553f1b1bd46846c/dblp",
	x-fetchedfrom = "Bibsonomy",
	year = 1999
}

@inproceedings{conf/ijcai/Florath75,
	added-at = "2012-05-15T00:00:00.000+0200",
	author = "Florath, P.",
	booktitle = "{IJCAI}",
	crossref = "conf/ijcai/1975",
	interhash = "4dc683ecbc0747c1fe34f7d7bfe68f67",
	intrahash = "680f85a679dfe688f637c40900c59e1a",
	keywords = "dblp",
	pages = "29--33",
	title = "{On Methods To Decide Solvability of Transformation Problems.}",
	url = "http://dblp.uni-trier.de/db/conf/ijcai/ijcai75.html#Florath75; http://www.bibsonomy.org/bibtex/2680f85a679dfe688f637c40900c59e1a/dblp",
	x-fetchedfrom = "Bibsonomy",
	year = 1975
}

@inproceedings{conf/ijcai/Bochman99,
	added-at = "2002-01-03T00:00:00.000+0100",
	author = "Bochman, Alexander",
	booktitle = "{IJCAI}",
	crossref = "conf/ijcai/99",
	editor = "Dean, Thomas",
	interhash = "7b8ea2af77a03fd862f06656998b07b7",
	intrahash = "97f8f05b81557a7934eebf5f36a00185",
	isbn = "1-55860-613-0",
	keywords = "dblp",
	pages = "30--35",
	publisher = "Morgan Kaufmann",
	title = "{Credulous Nonmonotonic Inference.}",
	url = "http://dblp.uni-trier.de/db/conf/ijcai/ijcai99.html#Bochman99; http://www.bibsonomy.org/bibtex/297f8f05b81557a7934eebf5f36a00185/dblp",
	x-fetchedfrom = "Bibsonomy",
	year = 1999
}

@inproceedings{conf/ijcai/EuzenatLD03,
	added-at = "2004-05-05T00:00:00.000+0200",
	author = "Euzenat, J{\'e}r{\^o}me and Layaïda, Nabil and Dias, Victor",
	biburl = "http://www.bibsonomy.org/bibtex/2186753764bec8b91027f563767c731bb/dblp",
	booktitle = "{IJCAI}",
	crossref = "conf/ijcai/2003",
	editor = "Gottlob, Georg and Walsh, Toby",
	interhash = "f8048779f59b8cd7135b804b1c7b3000",
	intrahash = "186753764bec8b91027f563767c731bb",
	keywords = "dblp",
	pages = "31--36",
	publisher = "Morgan Kaufmann",
	title = "{A semantic framework for multimedia document adaptation.}",
	url = "http://dblp.uni-trier.de/db/conf/ijcai/ijcai2003.html#EuzenatLD03",
	x-fetchedfrom = "Bibsonomy",
	year = 2003
}

@inproceedings{conf/ijcai/Geiser75,
	added-at = "2012-05-15T00:00:00.000+0200",
	author = "Geiser, J.",
	booktitle = "{IJCAI}",
	crossref = "conf/ijcai/1975",
	interhash = "afbe97b9fb7c047c78fcf2e6c25ef02f",
	intrahash = "a45bc6d1c7c591342574d2e212d947a8",
	keywords = "dblp",
	pages = "34--39",
	title = "{Commenting Proofs.}",
	url = "http://dblp.uni-trier.de/db/conf/ijcai/ijcai75.html#Geiser75; http://www.bibsonomy.org/bibtex/2a45bc6d1c7c591342574d2e212d947a8/dblp",
	x-fetchedfrom = "Bibsonomy",
	year = 1975
}

@inproceedings{conf/ijcai/ZhaoN95,
	added-at = "2012-05-15T00:00:00.000+0200",
	author = "Zhao, Qi and Nishida, Toyoaki",
	booktitle = "{IJCAI}",
	crossref = "conf/ijcai/1995",
	interhash = "1426675b5eb185a2ff3de05aba743a12",
	intrahash = "d96306592fc0803c16dfd91400243c00",
	keywords = "dblp",
	pages = "42--49",
	publisher = "Morgan Kaufmann",
	title = "{Qualitative Interpretation of Spectral Images: Reasoning with Uncertain Evidence.}",
	url = "http://dblp.uni-trier.de/db/conf/ijcai/ijcai95.html#ZhaoN95; http://www.bibsonomy.org/bibtex/2d96306592fc0803c16dfd91400243c00/dblp",
	x-fetchedfrom = "Bibsonomy",
	year = 1995
}

@inproceedings{conf/ijcai/Zheng95,
	added-at = "2012-05-15T00:00:00.000+0200",
	author = "Zheng, Zijian",
	booktitle = "{IJCAI}",
	crossref = "conf/ijcai/1995",
	interhash = "338567070961a6945dd3e4d88a468618",
	intrahash = "9b7660531cedfdf7f66be6ae9360e213",
	keywords = "dblp",
	pages = "1064--1070",
	publisher = "Morgan Kaufmann",
	title = "{Constructing Nominal X-of-N Attributes.}",
	url = "http://dblp.uni-trier.de/db/conf/ijcai/ijcai95.html#Zheng95; http://www.bibsonomy.org/bibtex/29b7660531cedfdf7f66be6ae9360e213/dblp",
	x-fetchedfrom = "Bibsonomy",
	year = 1995
}

@inproceedings{conf/ijcai/InoueS99,
	added-at = "2002-01-03T00:00:00.000+0100",
	author = "Inoue, Katsumi and Sakama, Chiaki",
	booktitle = "{IJCAI}",
	crossref = "conf/ijcai/99",
	editor = "Dean, Thomas",
	interhash = "9bee8cde311780a199463d486f677b3a",
	intrahash = "50a843dc914c0f85681180297d283c6a",
	isbn = "1-55860-613-0",
	keywords = "dblp",
	pages = "44--49",
	publisher = "Morgan Kaufmann",
	title = "{Abducing Priorities to Derive Intended Conclusions.}",
	url = "http://dblp.uni-trier.de/db/conf/ijcai/ijcai99.html#InoueS99; http://www.bibsonomy.org/bibtex/250a843dc914c0f85681180297d283c6a/dblp",
	x-fetchedfrom = "Bibsonomy",
	year = 1999
}

@inproceedings{conf/ijcai/Goto85,
	added-at = "2012-05-15T00:00:00.000+0200",
	author = "Goto, Shigeki",
	booktitle = "{IJCAI}",
	crossref = "conf/ijcai/1985",
	editor = "Joshi, Aravind K.",
	interhash = "a706e3d33ebb8b7a7b40f998ac8ce659",
	intrahash = "2ea046c0be5a6c51bcd4cda4ff04474c",
	keywords = "dblp",
	pages = "726--729",
	publisher = "Morgan Kaufmann",
	title = "{Concurrency in Proof Normalization and Logic Programming.}",
	url = "http://dblp.uni-trier.de/db/conf/ijcai/ijcai85.html#Goto85; http://www.bibsonomy.org/bibtex/22ea046c0be5a6c51bcd4cda4ff04474c/dblp",
	x-fetchedfrom = "Bibsonomy",
	year = 1985
}

@inproceedings{conf/ijcai/BourneP99,
	added-at = "2002-01-03T00:00:00.000+0100",
	author = "Bourne, Rachel A. and Parsons, Simon",
	booktitle = "{IJCAI}",
	crossref = "conf/ijcai/99",
	editor = "Dean, Thomas",
	interhash = "c470ccd254759b1070fbaaf76157b6ba",
	intrahash = "f2b992e95d70d52365bcab001c120e66",
	isbn = "1-55860-613-0",
	keywords = "dblp",
	pages = "50--55",
	publisher = "Morgan Kaufmann",
	title = "{Maximum Entropy and Variable Strength Defaults.}",
	url = "http://dblp.uni-trier.de/db/conf/ijcai/ijcai99.html#BourneP99; http://www.bibsonomy.org/bibtex/2f2b992e95d70d52365bcab001c120e66/dblp",
	x-fetchedfrom = "Bibsonomy",
	year = 1999
}

@inproceedings{conf/ijcai/Hirsh91,
	added-at = "2012-05-15T00:00:00.000+0200",
	author = "Hirsh, Haym",
	booktitle = "{IJCAI}",
	crossref = "conf/ijcai/1991",
	editor = "Mylopoulos, John and Reiter, Raymond",
	interhash = "38825f28106beaaa55fc3035883abbdd",
	intrahash = "276cea969cdbc7ab996dc8628cf9bbc1",
	isbn = "1-55860-160-0",
	keywords = "dblp",
	pages = "665--670",
	publisher = "Morgan Kaufmann",
	title = "{Theoretical Underpinnings of Version Spaces.}",
	url = "http://dblp.uni-trier.de/db/conf/ijcai/ijcai91.html#Hirsh91; http://www.bibsonomy.org/bibtex/2276cea969cdbc7ab996dc8628cf9bbc1/dblp",
	x-fetchedfrom = "Bibsonomy",
	year = 1991
}

@inproceedings{conf/ijcai/Weidenbach93,
	added-at = "2012-05-15T00:00:00.000+0200",
	author = "Weidenbach, Christoph",
	booktitle = "{IJCAI}",
	crossref = "conf/ijcai/1993",
	editor = "Bajcsy, Ruzena",
	interhash = "8cad2e0f36b0fd59529c50a646d89cc3",
	intrahash = "9ccd53ebcc8367fad772576ea3f0d630",
	isbn = "1-55860-300-X",
	keywords = "dblp",
	pages = "60--65",
	publisher = "Morgan Kaufmann",
	title = "{Extending the Resolution Method with Sorts.}",
	url = "http://dblp.uni-trier.de/db/conf/ijcai/ijcai93.html#Weidenbach93; http://www.bibsonomy.org/bibtex/29ccd53ebcc8367fad772576ea3f0d630/dblp",
	x-fetchedfrom = "Bibsonomy",
	year = 1993
}

@inproceedings{conf/ijcai/ZlotkinR89,
	added-at = "2012-05-15T00:00:00.000+0200",
	author = "Zlotkin, Gilad and Rosenschein, Jeffrey S.",
	booktitle = "{IJCAI}",
	crossref = "conf/ijcai/1989",
	editor = "Sridharan, N. S.",
	interhash = "3779d9f8a6a8fe7c5c6c4c28fa6d78e0",
	intrahash = "6cb74ad1e0b89ba016021d43ee46cdbd",
	isbn = "1-55860-094-9",
	keywords = "dblp",
	pages = "912--917",
	publisher = "Morgan Kaufmann",
	title = "{Negotiation and Task Sharing Among Autonomous Agents in Cooperative Domains.}",
	url = "http://dblp.uni-trier.de/db/conf/ijcai/ijcai89.html#ZlotkinR89; http://www.bibsonomy.org/bibtex/26cb74ad1e0b89ba016021d43ee46cdbd/dblp",
	x-fetchedfrom = "Bibsonomy",
	year = 1989
}

@inproceedings{conf/ijcai/KrausW91,
	added-at = "2012-05-15T00:00:00.000+0200",
	author = "Kraus, Sarit and Wilkenfeld, Jonathan",
	booktitle = "{IJCAI}",
	crossref = "conf/ijcai/1991",
	editor = "Mylopoulos, John and Reiter, Raymond",
	interhash = "eacd803b86f9fb7722aceedf3e863c8a",
	intrahash = "3abbe63f9437016ab42300b9d402dd90",
	isbn = "1-55860-160-0",
	keywords = "dblp",
	pages = "56--61",
	publisher = "Morgan Kaufmann",
	title = "{Negotiations Over Time in a Multi-Agent Environment: Preliminary Report.}",
	url = "http://dblp.uni-trier.de/db/conf/ijcai/ijcai91.html#KrausW91; http://www.bibsonomy.org/bibtex/23abbe63f9437016ab42300b9d402dd90/dblp",
	x-fetchedfrom = "Bibsonomy",
	year = 1991
}

@inproceedings{conf/ijcai/BaumgartnerG99,
	added-at = "2002-01-03T00:00:00.000+0100",
	author = "Baumgartner, Robert and Gottlob, Georg",
	booktitle = "{IJCAI}",
	crossref = "conf/ijcai/99",
	editor = "Dean, Thomas",
	interhash = "16718a5dd9c2d586114fd3b971c5bbb8",
	intrahash = "aba0e43f6118d06f809276a1abcf1ba4",
	isbn = "1-55860-613-0",
	keywords = "dblp",
	pages = "64--69",
	publisher = "Morgan Kaufmann",
	title = "{On the Complexity of Model Checking for Propositional Default Logics: New Results and Tractable Cases.}",
	url = "http://dblp.uni-trier.de/db/conf/ijcai/ijcai99.html#BaumgartnerG99; http://www.bibsonomy.org/bibtex/2aba0e43f6118d06f809276a1abcf1ba4/dblp",
	x-fetchedfrom = "Bibsonomy",
	year = 1999
}

@inproceedings{conf/ijcai/DuboisCHP97,
	added-at = "2012-05-15T00:00:00.000+0200",
	author = "Dubois, Didier and del Cerro, Luis Fari{\~n}as and Herzig, Andreas and Prade, Henri",
	booktitle = "{IJCAI (1)}",
	crossref = "conf/ijcai/1997",
	interhash = "01330140f6f04cea96f8089182a5f08f",
	intrahash = "d035213caf343e6b639e9799397f6716",
	keywords = "dblp",
	pages = "62--67",
	publisher = "Morgan Kaufmann",
	title = "{Qualitative Relevance and Independence: A Roadmap.}",
	url = "http://dblp.uni-trier.de/db/conf/ijcai/ijcai97.html#DuboisCHP97; http://www.bibsonomy.org/bibtex/2d035213caf343e6b639e9799397f6716/dblp",
	x-fetchedfrom = "Bibsonomy",
	year = 1997
}

@inproceedings{conf/ijcai/KochL99,
	added-at = "2002-04-18T00:00:00.000+0200",
	author = "Koch, Christoph and Leone, Nicola",
	booktitle = "{IJCAI}",
	crossref = "conf/ijcai/99",
	editor = "Dean, Thomas",
	interhash = "4dcdcdf556b0b7100cceee7f13e1a3e1",
	intrahash = "444f0c2129516222b0258e403d627d5d",
	isbn = "1-55860-613-0",
	keywords = "dblp",
	pages = "70--75",
	publisher = "Morgan Kaufmann",
	title = "{Stable Model Checking Made Easy.}",
	url = "http://dblp.uni-trier.de/db/conf/ijcai/ijcai99.html#KochL99; http://www.bibsonomy.org/bibtex/2444f0c2129516222b0258e403d627d5d/dblp",
	x-fetchedfrom = "Bibsonomy",
	year = 1999
}

@inproceedings{conf/ijcai/AmirR03,
	added-at = "2005-11-30T00:00:00.000+0100",
	author = "Amir, Eyal and Russell, Stuart J.",
	booktitle = "{IJCAI}",
	crossref = "conf/ijcai/2003",
	editor = "Gottlob, Georg and Walsh, Toby",
	interhash = "99c70323dc31dd9d03728902ff9af78e",
	intrahash = "916018fdd711309927f2c72dd6a3927d",
	keywords = "dblp",
	pages = "75--82",
	publisher = "Morgan Kaufmann",
	title = "{Logical Filtering.}",
	url = "http://dblp.uni-trier.de/db/conf/ijcai/ijcai2003.html#AmirR03; http://www.bibsonomy.org/bibtex/2916018fdd711309927f2c72dd6a3927d/dblp",
	x-fetchedfrom = "Bibsonomy",
	year = 2003
}

@inproceedings{conf/ijcai/GrafHPZ89,
	added-at = "2012-05-15T00:00:00.000+0200",
	author = "Graf, Thomas and Hentenryck, Pascal Van and Pradelles, Claudine and Zimmer, Laurent",
	booktitle = "{IJCAI}",
	crossref = "conf/ijcai/1989",
	editor = "Sridharan, N. S.",
	interhash = "08e08016fcf858bf1102ae2d81cf1342",
	intrahash = "8275850fe69d2d3a9bac1ba946e5daf2",
	isbn = "1-55860-094-9",
	keywords = "dblp",
	pages = "72--77",
	publisher = "Morgan Kaufmann",
	title = "{Simulation of Hybrid Circuits in Constraint Logic Programming.}",
	url = "http://dblp.uni-trier.de/db/conf/ijcai/ijcai89.html#GrafHPZ89; http://www.bibsonomy.org/bibtex/28275850fe69d2d3a9bac1ba946e5daf2/dblp",
	x-fetchedfrom = "Bibsonomy",
	year = 1989
}

@inproceedings{conf/ijcai/Nonnengart93,
	added-at = "2012-05-15T00:00:00.000+0200",
	author = "Nonnengart, Andreas",
	booktitle = "{IJCAI}",
	crossref = "conf/ijcai/1993",
	editor = "Bajcsy, Ruzena",
	interhash = "51dcfc0cb74ab18255ae05fdc233df00",
	intrahash = "1e0d0ce1c73ecd2d2422955e3e7a66a8",
	isbn = "1-55860-300-X",
	keywords = "dblp",
	pages = "80--87",
	publisher = "Morgan Kaufmann",
	title = "{First-Order Modal Logic Theorem Proving and Functional Simulation.}",
	url = "http://dblp.uni-trier.de/db/conf/ijcai/ijcai93.html#Nonnengart93; http://www.bibsonomy.org/bibtex/21e0d0ce1c73ecd2d2422955e3e7a66a8/dblp",
	x-fetchedfrom = "Bibsonomy",
	year = 1993
}

@inproceedings{conf/ijcai/Rosati99,
	added-at = "2002-01-03T00:00:00.000+0100",
	author = "Rosati, Riccardo",
	booktitle = "{IJCAI}",
	crossref = "conf/ijcai/99",
	editor = "Dean, Thomas",
	interhash = "e408981f0f9644e6da608e7f77ae315a",
	intrahash = "b21aaf6cc99fa260e4e982d96313f346",
	isbn = "1-55860-613-0",
	keywords = "dblp",
	pages = "76--83",
	publisher = "Morgan Kaufmann",
	title = "{Model Checking for Nonmonotonic Logics: Algorithms and Complexity.}",
	url = "http://dblp.uni-trier.de/db/conf/ijcai/ijcai99.html#Rosati99; http://www.bibsonomy.org/bibtex/2b21aaf6cc99fa260e4e982d96313f346/dblp",
	x-fetchedfrom = "Bibsonomy",
	year = 1999
}

@inproceedings{conf/ijcai/LiuL03,
	added-at = "2004-05-05T00:00:00.000+0200",
	author = "Liu, Yongmei and Levesque, Hector J.",
	booktitle = "{IJCAI}",
	crossref = "conf/ijcai/2003",
	editor = "Gottlob, Georg and Walsh, Toby",
	interhash = "c9ea05c5db05e061b2a4179d3c1e296f",
	intrahash = "205253ed4a5b262d4f1361d008132060",
	keywords = "dblp",
	pages = "83--88",
	publisher = "Morgan Kaufmann",
	title = "{A Tractability Result for Reasoning with Incomplete First-Order Knowledge Bases.}",
	url = "http://dblp.uni-trier.de/db/conf/ijcai/ijcai2003.html#LiuL03; http://www.bibsonomy.org/bibtex/2205253ed4a5b262d4f1361d008132060/dblp",
	x-fetchedfrom = "Bibsonomy",
	year = 2003
}

@inproceedings{conf/ijcai/ChengI89,
	added-at = "2012-05-15T00:00:00.000+0200",
	author = "Cheng, Jie and Irani, Keki B.",
	booktitle = "{IJCAI}",
	crossref = "conf/ijcai/1989",
	editor = "Sridharan, N. S.",
	interhash = "77e44f6b745e0404e7ae4db8e2ba6f6d",
	intrahash = "ffe043eed7a2ac4c278b9ec59b16cedc",
	isbn = "1-55860-094-9",
	keywords = "dblp",
	pages = "931--936",
	publisher = "Morgan Kaufmann",
	title = "{Ordering Problem Subgoals.}",
	url = "http://dblp.uni-trier.de/db/conf/ijcai/ijcai89.html#ChengI89; http://www.bibsonomy.org/bibtex/2ffe043eed7a2ac4c278b9ec59b16cedc/dblp",
	x-fetchedfrom = "Bibsonomy",
	year = 1989
}

@inproceedings{conf/ijcai/BouhoulaR93,
	added-at = "2012-05-15T00:00:00.000+0200",
	author = "Bouhoula, Adel and Rusinowitch, Micha{\"e}l",
	booktitle = "{IJCAI}",
	crossref = "conf/ijcai/1993",
	editor = "Bajcsy, Ruzena",
	interhash = "73fd3eee0336a00a377c1f736573d66a",
	intrahash = "6931edc1bb8e68e78c49cbd3b700e5d2",
	isbn = "1-55860-300-X",
	keywords = "dblp",
	pages = "88--94",
	publisher = "Morgan Kaufmann",
	title = "{Automatic Case Analysis in Proof by Induction.}",
	url = "http://dblp.uni-trier.de/db/conf/ijcai/ijcai93.html#BouhoulaR93; http://www.bibsonomy.org/bibtex/26931edc1bb8e68e78c49cbd3b700e5d2/dblp",
	x-fetchedfrom = "Bibsonomy",
	year = 1993
}

@inproceedings{conf/ijcai/BrafmanS95,
	added-at = "2012-05-15T00:00:00.000+0200",
	author = "Brafman, Ronen I. and Shoham, Yoav",
	booktitle = "{IJCAI}",
	crossref = "conf/ijcai/1995",
	interhash = "b509a79e2b4b8cc8520bbe8c0469027e",
	intrahash = "4cc256f20f89cf4139786b31127e6793",
	keywords = "dblp",
	pages = "96--102",
	publisher = "Morgan Kaufmann",
	title = "{Knowledge Considerations in Robotics and Distribution of Robotic Tasks.}",
	url = "http://dblp.uni-trier.de/db/conf/ijcai/ijcai95.html#BrafmanS95; http://www.bibsonomy.org/bibtex/24cc256f20f89cf4139786b31127e6793/dblp",
	x-fetchedfrom = "Bibsonomy",
	year = 1995
}

@inproceedings{conf/ijcai/KearnsK99,
	added-at = "2002-01-03T00:00:00.000+0100",
	author = "Kearns, Michael J. and Koller, Daphne",
	booktitle = "{IJCAI}",
	crossref = "conf/ijcai/99",
	editor = "Dean, Thomas",
	interhash = "d5ab302029e61c0c9792c71f5b2e9d8e",
	intrahash = "53c27631bd8e170861ee34f645099989",
	isbn = "1-55860-613-0",
	keywords = "dblp",
	pages = "740--747",
	publisher = "Morgan Kaufmann",
	title = "{Efficient Reinforcement Learning in Factored MDPs.}",
	url = "http://dblp.uni-trier.de/db/conf/ijcai/ijcai99.html#KearnsK99; http://www.bibsonomy.org/bibtex/253c27631bd8e170861ee34f645099989/dblp",
	x-fetchedfrom = "Bibsonomy",
	year = 1999
}

@inproceedings{conf/ijcai/HertzbergH89,
	added-at = "2012-05-15T00:00:00.000+0200",
	author = "Hertzberg, Joachim and Horz, Alexander",
	booktitle = "{IJCAI}",
	crossref = "conf/ijcai/1989",
	editor = "Sridharan, N. S.",
	interhash = "3a4e94c545d0064c28edf2cd77fa95fb",
	intrahash = "35f171525ddb0d0386ff8b64c015272c",
	isbn = "1-55860-094-9",
	keywords = "dblp",
	pages = "937--942",
	publisher = "Morgan Kaufmann",
	title = "{Towards a Theory of Conflict Detection and Resolution in Nonlinear Plans.}",
	url = "http://dblp.uni-trier.de/db/conf/ijcai/ijcai89.html#HertzbergH89; http://www.bibsonomy.org/bibtex/235f171525ddb0d0386ff8b64c015272c/dblp",
	x-fetchedfrom = "Bibsonomy",
	year = 1989
}

@inproceedings{conf/ijcai/Walther93,
	added-at = "2012-05-15T00:00:00.000+0200",
	author = "Walther, Christoph",
	booktitle = "{IJCAI}",
	crossref = "conf/ijcai/1993",
	editor = "Bajcsy, Ruzena",
	interhash = "b049c5d84fef47ecaf9e50ff6e842317",
	intrahash = "e8eb19d73208e331c532eb2bc9badbe8",
	isbn = "1-55860-300-X",
	keywords = "dblp",
	pages = "95--101",
	publisher = "Morgan Kaufmann",
	title = "{Combining Induction Axioms by Machine.}",
	url = "http://dblp.uni-trier.de/db/conf/ijcai/ijcai93.html#Walther93; http://www.bibsonomy.org/bibtex/2e8eb19d73208e331c532eb2bc9badbe8/dblp",
	x-fetchedfrom = "Bibsonomy",
	year = 1993
}

@inproceedings{conf/ijcai/ZhangF97,
	added-at = "2012-05-15T00:00:00.000+0200",
	author = "Zhang, Yan and Foo, Norman Y.",
	booktitle = "{IJCAI (1)}",
	crossref = "conf/ijcai/1997",
	interhash = "062248e40b6efb3cf9402801a54b3224",
	intrahash = "6b052e5f856984616c391ff990a06347",
	keywords = "dblp",
	pages = "82--88",
	publisher = "Morgan Kaufmann",
	title = "{Towards Generalized Rule-based Updates.}",
	url = "http://dblp.uni-trier.de/db/conf/ijcai/ijcai97.html#ZhangF97; http://www.bibsonomy.org/bibtex/26b052e5f856984616c391ff990a06347/dblp",
	x-fetchedfrom = "Bibsonomy",
	year = 1997
}

@inproceedings{conf/ijcai/Lutz99,
	added-at = "2002-01-03T00:00:00.000+0100",
	author = "Lutz, Carsten",
	booktitle = "{IJCAI}",
	crossref = "conf/ijcai/99",
	editor = "Dean, Thomas",
	interhash = "267704e9b535526622b8af64f5986207",
	intrahash = "c1277046881d8676781af8737824e84b",
	isbn = "1-55860-613-0",
	keywords = "dblp",
	pages = "90--95",
	publisher = "Morgan Kaufmann",
	title = "{Reasoning with Concrete Domains.}",
	url = "http://dblp.uni-trier.de/db/conf/ijcai/ijcai99.html#Lutz99; http://www.bibsonomy.org/bibtex/2c1277046881d8676781af8737824e84b/dblp",
	x-fetchedfrom = "Bibsonomy",
	year = 1999
}

@book{Alba05,
	abstract = "This single reference on parallel metaheuristic presents modern and ongoing research information on using, designing, and analysing efficient models of parallel algorithms. Table of Contents Author Information Introduction. PART I: INTRODUCTION TO METAHEURISTICS AND PARALLELISM. 1. An Introduction to Metaheuristic Techniques. 2. Measuring the Performance of Parallel Metaheuristics. 3. New Technologies in Parallelism. 4. Metaheuristics and Parallelism. PART II: PARALLEL METAHEURISTIC MODELS. 5. Parallel Genetic Algorithms. 6. Spatially Structured Genetic Programming. 7. Parallel Evolution Strategies. 8. Parallel Ant Colony Algorithms. 9. Parallel Estimation of Distribution Algorithms. 10. Parallel Scatter Search. 11. Parallel Variable Neighbourhood Search. 12. Parallel Simulated Annealing. 13. Parallel Tabu Search. 14. Parallel GRASP. 15. Parallel Hybrid Metaheuristics. 16. Parallel Multi Objective. 17. Parallel Heterogeneous Metaheuristics. PART III: THEORY AND APPLICATIONS. 18. Theory of Parallel Genetic Algorithms. 19. Parallel Metaheuristics. 20. Parallel Metaheuristics in Telecommunications. 21. Bioinformatics and Parallel Metaheuristics. Index.",
	added-at = "2008-06-19T17:35:00.000+0200",
	address = "NJ, USA",
	author = "Alba, Enrique",
	biburl = "http://www.bibsonomy.org/bibtex/2499f9a511ff28e6ccf55017ddc2d080a/brazovayeye",
	interhash = "7c62399891715c3cc19dab863293fa89",
	intrahash = "499f9a511ff28e6ccf55017ddc2d080a",
	isbn = "0-471-67806-6",
	keywords = "algorithms; book; computer engineering general genetic programming; text",
	month = "August",
	notes = "US 95.",
	publisher = "John Wiley \& Sons",
	size = "00584 pages",
	title = "{Parallel Metaheuristics: {A} New Class of Algorithms}",
	url = "http://www.ebookmall.com/ebooks/parallel-metaheuristics-a-new-class-of-algorithms-alba-ebooks.htm",
	x-fetchedfrom = "Bibsonomy",
	year = 2005
}

@book{Oppliger:2011:CC:2049860,
	address = "Norwood, MA, USA",
	author = "Oppliger, Rolf",
	edition = "2nd",
	isbn = "1608071456, 9781608071456",
	publisher = "Artech House, Inc.",
	title = "{Contemporary Cryptography}",
	year = "2011"
}

@book{mogensen2009basics,
	author = "Mogensen, T.{\AE}.",
	isbn = "9788799315406",
	publisher = "Torben {\AE}gidius Mogensen",
	title = "{Basics of Compiler Design}",
	url = "http://books.google.be/books?id=N5EWtwAACAAJ",
	year = "2009"
}

@book{arora2009computational,
	abstract = "This beginning graduate textbook describes both recent achievements and classical results of computational complexity theory. The book starts with a broad introduction to the field and progresses to advanced results.",
	added-at = "2012-09-14T15:59:37.000+0200",
	address = "Cambridge; New York",
	author = "Arora, Sanjeev and Barak, Boaz",
	interhash = "319c3bf950c43ab4dc996ebd4451804d",
	intrahash = "926305c07c6e440008f3eab418cd13ec",
	isbn = "9780521424264 0521424267",
	keywords = "vzxv",
	publisher = "Cambridge University Press",
	refid = "286431654",
	title = "{Computational complexity : a modern approach}",
	url = "http://www.worldcat.org/search?qt=worldcat_org_all&q=9780521424264; http://www.bibsonomy.org/bibtex/2926305c07c6e440008f3eab418cd13ec/alexanderhayes",
	x-fetchedfrom = "Bibsonomy",
	year = 2009
}

@book{Barber2011,
	abstract = "David Barber : Main - Textbook browse",
	added-at = "2011-07-11T13:15:49.000+0200",
	author = "Barber, David",
	interhash = "ad2654b2f528b6b57894570a9ab8069a",
	intrahash = "13982c57aaade352d8089b91f5815c56",
	keywords = "bayesian machinelearning statisticalinference statistics textbook",
	note = "In press",
	publisher = "{Cambridge University Press}",
	title = "{Bayesian Reasoning and Machine Learning}",
	url = "http://www.bibsonomy.org/bibtex/213982c57aaade352d8089b91f5815c56/tmalsburg",
	x-fetchedfrom = "Bibsonomy",
	year = 2011
}

@article{journals/procedia/KosmadoudiLRSLSS12,
	added-at = "2012-12-28T00:00:00.000+0100",
	author = "Kosmadoudi, Zoe and Lim, Theodore and Ritchie, James M. and Sung, Raymond C. W. and Liu, Y. and Stanescu, I. A. and Stefan, A.",
	interhash = "c1956513b966292e9498825e2f23602b",
	intrahash = "eaeb8e0a066d5c250d40866f10779034",
	journal = "Procedia CS",
	keywords = "dblp",
	pages = "285--288",
	title = "{Game Interactivity in CAD as Productive Systems.}",
	url = "http://dblp.uni-trier.de/db/journals/procedia/procedia15.html#KosmadoudiLRSLSS12; http://dx.doi.org/10.1016/j.procs.2012.10.081; http://www.bibsonomy.org/bibtex/2eaeb8e0a066d5c250d40866f10779034/dblp",
	volume = 15,
	x-fetchedfrom = "Bibsonomy",
	year = 2012
}

@misc{wiki:definition,
	author = "Wikipedia",
	note = "[Online; accessed 13-March-2013]",
	title = "{Definition --- Wikipedia{,} The Free Encyclopedia}",
	url = "http://en.wikipedia.org/w/index.php?title=Definition&oldid=542655519",
	year = "2013"
}

@inproceedings{Brafman:1999:NPA:1624312.1624324,
	acmid = "1624324",
	address = "San Francisco, CA, USA",
	author = "Brafman, Ronen I. and Tennenholtz, Moshe",
	booktitle = "{Proceedings of the 16th international joint conference on Artificial intelligence - Volume 2}",
	location = "Stockholm, Sweden",
	numpages = "6",
	pages = "734--739",
	publisher = "Morgan Kaufmann Publishers Inc.",
	series = "{IJCAI'99}",
	title = "{A near-optimal poly-time algorithm for learning in a class of stochastic games}",
	url = "http://dl.acm.org/citation.cfm?id=1624312.1624324",
	x-fetchedfrom = "ACM Digital Library",
	year = "1999"
}

